@book{blehman,
    title = {Вибрационная механика},
    author = {Блехман, И И},
    address = {М.},
    publisher = {Физико-математическая литература},
    year = 1994
}

@book{savinov,
    title = {Вибрационный метод погружения свай и его применение в строительстве},
    author = {Савинов, О А and Лускин, А Я},
    address = {М.},
    publisher = {Государственное издательство литературы по строительству, архитектуре и строительным материалам},
    year = 1960
}

@book{ceitlin,
    title = {Вибрационная техника и технология в свайных и буровых работах},
    author = {Цейтлин, М Г and Верстов, В В and Азбель, Г Г},
    address = {Ленинград},
    publisher = {Стройиздат},
    year = 1987
}

@book{samarskiy,
    title = {Введение в теорию разностных схем},
    author = {Самарский, А А},
    address = {М.},
    publisher = {Главная редакция физико-математической литературы издательства «Наука»},
    year = 1971
}

@article{vzmsh2019,
    title = {Численное моделирование процесса погружения сваи},
    author = {Костин, Д В and Костина, Т И and Бабошин, С Д},
    journal = {Современные методы теории функций и смежные проблемы},
    pages = {173--174},
    year = {2019},
    address = {Воронеж},
    publisher = {Издательский дом ВГУ}
}

@article{vzmsh2021,
    title = {Программная реализация математической модели работы импульсного погружателя},
    author = {Костина, Т И and Журба, А В and Мызников, А С and Бабошин, С Д},
    journal = {Современные методы теории функций и смежные проблемы},
    pages = {170--171},
    year = {2021},
    address = {Воронеж},
    publisher = {Издательский дом ВГУ}
}

@book{dobronravov,
    title = {Строительные машины и основы автоматизации},
    author = {Добронравов, С С and Дронов, В Г},
    address = {Москва},
    publisher = {Высшая школа},
    year = 2001
}

@article{kostin_va,
    title = {Многочлены Максвелла-Фейера и оптимизация полигармонических импульсов},
    author = {Костин, В А and Костин, Д В and Сапронов, Ю И},
    journal = {ДАН},
    pages = {271--273},
    year = {2012},
    volume = {445}
}

@article{kostin_dv,
    title = {Бифуркация резонансных колебаний и оптимизация тригонометрического импульса по коэффициенту несимметрии},
    author = {Костин, Д В},
    journal = {Математический сборник},
    pages = {90--109},
    year = {2016},
    volume = {207}
}

@article{yakovleva,
    title = {Нелинейная динамика контактного взаимодействия трехслойной балочно-пластинчатой наноструктуры в поле белого шума},
    author = {Яковлева, Т В and Крысько, В А мл. and Крысько, В А},
    journal = {Динамика систем, механизмов и машин},
    pages = {294--300},
    year = {2018},
    volume = {6}
}

@article{ermolenko,
    title = {Инновационные решения для свайного фундаментостроения},
    author = {Ермоленко, В Н},
    journal = {Стройпрофиль},
    pages = {20--22},
    year = {2010},
    volume = {6 (84)}
}

@patent{ermolenko_patent,
    title = {Инновационные решения для свайного фундаментостроения},
    author = {Ермоленко, В Н and Насонов, И В and Суровцев, И С},
    number = {2009106429/03},
    date = {2009-02-24},
    holder = {{Патент РФ}}
}

@article{ermolenko_kostin,
    title = {Оптимизация полигармонического импульса},
    author = {Ермоленко, В Н and Костин, В А and Костин, Д В and Сапронов, Ю И},
    journal = {Вестник Южно-Уральского государственного университета. Серия: Математическое моделирование и программирование},
    pages = {35--44},
    year = {2012},
    volume = {27(286)},
    address = {Челябинск},
}

@patent{baboshin_patent,
    title = {Расчетный комплекс моделирования процесса погружения свайных конструкций с использованием импульсного погружателя},
    author = {Костин, Д В and Бабошин, С Д and Уткин, А А and Мызников, А С and Журба, А В},
    number = {2022611200},
    date = {2021-11-26},
    holder = {{Патент РФ}}
}
